[gd_resource type="TileSet" load_steps=44 format=2]

[ext_resource path="res://assets/woods/grass_tileset_dried.png" type="Texture" id=1]

[sub_resource type="ConvexPolygonShape2D" id=32]
points = PoolVector2Array( 60, 60, 0, 60, 0, 0, 60, 0 )

[sub_resource type="ConvexPolygonShape2D" id=33]
points = PoolVector2Array( 60, 60, 0, 60, 0, 0, 60, 0 )

[sub_resource type="ConvexPolygonShape2D" id=34]
points = PoolVector2Array( 60, 60, 0, 60, 0, 0, 60, 0 )

[sub_resource type="ConvexPolygonShape2D" id=35]
points = PoolVector2Array( 60, 60, 0, 60, 0, 0, 60, 0 )

[sub_resource type="ConvexPolygonShape2D" id=36]
points = PoolVector2Array( 60, 60, 0, 60, 0, 0, 60, 0 )

[sub_resource type="ConvexPolygonShape2D" id=37]
points = PoolVector2Array( 60, 60, 0, 60, 0, 0, 60, 0 )

[sub_resource type="ConvexPolygonShape2D" id=38]
points = PoolVector2Array( 60, 60, 0, 60, 0, 0, 60, 0 )

[sub_resource type="ConvexPolygonShape2D" id=39]
points = PoolVector2Array( 60, 60, 0, 60, 0, 0, 60, 0 )

[sub_resource type="ConvexPolygonShape2D" id=40]
points = PoolVector2Array( 60, 60, 0, 60, 0, 0, 60, 0 )

[sub_resource type="ConvexPolygonShape2D" id=41]
points = PoolVector2Array( 60, 60, 0, 60, 0, 0, 60, 0 )

[sub_resource type="ConvexPolygonShape2D" id=42]
points = PoolVector2Array( 0, 0, 60, 0, 60, 60, 0, 60 )

[sub_resource type="ConvexPolygonShape2D" id=43]
points = PoolVector2Array( 60, 60, 0, 60, 0, 0, 60, 0 )

[sub_resource type="ConvexPolygonShape2D" id=44]
points = PoolVector2Array( 60, 60, 0, 60, 0, 0, 60, 0 )

[sub_resource type="ConvexPolygonShape2D" id=45]
points = PoolVector2Array( 0, 0, 60, 0, 60, 60, 0, 60 )

[sub_resource type="ConvexPolygonShape2D" id=46]
points = PoolVector2Array( 60, 60, 0, 60, 0, 0, 60, 0 )

[sub_resource type="ConvexPolygonShape2D" id=47]
points = PoolVector2Array( 60, 60, 0, 60, 0, 0, 60, 0 )

[sub_resource type="ConvexPolygonShape2D" id=48]
points = PoolVector2Array( 60, 60, 0, 60, 0, 0, 60, 0 )

[sub_resource type="ConvexPolygonShape2D" id=49]
points = PoolVector2Array( 60, 60, 0, 60, 0, 0, 60, 0 )

[sub_resource type="ConvexPolygonShape2D" id=50]
points = PoolVector2Array( 60, 60, 0, 60, 0, 0, 60, 0 )

[sub_resource type="ConvexPolygonShape2D" id=51]
points = PoolVector2Array( 60, 60, 0, 60, 0, 0, 60, 0 )

[sub_resource type="ConvexPolygonShape2D" id=52]
points = PoolVector2Array( 60, 60, 0, 60, 0, 0, 60, 0 )

[sub_resource type="ConvexPolygonShape2D" id=53]
points = PoolVector2Array( 60, 60, 0, 60, 0, 0, 60, 0 )

[sub_resource type="ConvexPolygonShape2D" id=54]
points = PoolVector2Array( 0, 60, 60, 60, 60, 60, 0, 60 )

[sub_resource type="ConvexPolygonShape2D" id=55]
points = PoolVector2Array( 60, 60, 0, 60, 0, 0, 60, 0 )

[sub_resource type="ConvexPolygonShape2D" id=56]
points = PoolVector2Array( 60, 60, 0, 60, 0, 0, 60, 0 )

[sub_resource type="ConvexPolygonShape2D" id=57]
points = PoolVector2Array( 60, 60, 0, 60, 0, 0, 60, 0 )

[sub_resource type="ConvexPolygonShape2D" id=58]
points = PoolVector2Array( 60, 60, 0, 60, 0, 0, 60, 0 )

[sub_resource type="ConvexPolygonShape2D" id=59]
points = PoolVector2Array( 60, 60, 0, 60, 0, 0, 60, 0 )

[sub_resource type="ConvexPolygonShape2D" id=60]
points = PoolVector2Array( 60, 60, 0, 60, 0, 0, 60, 0 )

[sub_resource type="ConvexPolygonShape2D" id=61]
points = PoolVector2Array( 60, 60, 0, 60, 0, 0, 60, 0 )

[sub_resource type="ConvexPolygonShape2D" id=62]
points = PoolVector2Array( 60, 60, 0, 60, 0, 0, 60, 0 )

[sub_resource type="ConvexPolygonShape2D" id=63]
points = PoolVector2Array( 60, 60, 0, 60, 0, 0, 60, 0 )

[sub_resource type="ConvexPolygonShape2D" id=64]
points = PoolVector2Array( 60, 60, 0, 60, 0, 0, 60, 0 )

[sub_resource type="ConvexPolygonShape2D" id=65]
points = PoolVector2Array( 60, 0, 60, 60, 0, 60, 60, 0 )

[sub_resource type="ConvexPolygonShape2D" id=66]
points = PoolVector2Array( 0, 0, 60, 0, 0, 60, 0, 0 )

[sub_resource type="ConvexPolygonShape2D" id=67]
points = PoolVector2Array( 60, 0, 60, 60, 0, 0 )

[sub_resource type="ConvexPolygonShape2D" id=68]
points = PoolVector2Array( 0, 0, 60, 60, 0, 60 )

[sub_resource type="ConvexPolygonShape2D" id=69]
points = PoolVector2Array( 0, 0, 60, 0, 60, 60, 0, 0, 60, 0, 60, 0 )

[sub_resource type="ConvexPolygonShape2D" id=70]
points = PoolVector2Array( 0, 0, 12.7083, 0.408936, 12.7083, 59.7261, 0, 60 )

[sub_resource type="ConvexPolygonShape2D" id=71]
points = PoolVector2Array( 45.7831, 0.408936, 60, 0, 60, 60, 46.7476, 59.7261 )

[sub_resource type="ConvexPolygonShape2D" id=72]
points = PoolVector2Array( 0, 0, 11.7438, 0.690567, 11.7438, 49.8804, 0, 60 )

[sub_resource type="ConvexPolygonShape2D" id=73]
points = PoolVector2Array( 46.7476, 0, 60, 0, 60, 60, 47.7122, 47.9514 )

[resource]
0/name = "grass_tileset_dried.png 0"
0/texture = ExtResource( 1 )
0/tex_offset = Vector2( 0, 0 )
0/modulate = Color( 1, 1, 1, 1 )
0/region = Rect2( 0, 0, 960, 300 )
0/tile_mode = 2
0/autotile/icon_coordinate = Vector2( 0, 0 )
0/autotile/tile_size = Vector2( 60, 60 )
0/autotile/spacing = 0
0/autotile/occluder_map = [  ]
0/autotile/navpoly_map = [  ]
0/autotile/priority_map = [  ]
0/autotile/z_index_map = [  ]
0/occluder_offset = Vector2( 0, 0 )
0/navigation_offset = Vector2( 0, 0 )
0/shape_offset = Vector2( 0, 0 )
0/shape_transform = Transform2D( 1, 0, 0, 1, 0, 0 )
0/shape = SubResource( 32 )
0/shape_one_way = false
0/shape_one_way_margin = 1.0
0/shapes = [ {
"autotile_coord": Vector2( 0, 0 ),
"one_way": false,
"one_way_margin": 1.0,
"shape": SubResource( 32 ),
"shape_transform": Transform2D( 1, 0, 0, 1, 0, 0 )
}, {
"autotile_coord": Vector2( 0, 1 ),
"one_way": false,
"one_way_margin": 1.0,
"shape": SubResource( 33 ),
"shape_transform": Transform2D( 1, 0, 0, 1, 0, 0 )
}, {
"autotile_coord": Vector2( 2, 0 ),
"one_way": false,
"one_way_margin": 1.0,
"shape": SubResource( 34 ),
"shape_transform": Transform2D( 1, 0, 0, 1, 0, 0 )
}, {
"autotile_coord": Vector2( 2, 1 ),
"one_way": false,
"one_way_margin": 1.0,
"shape": SubResource( 35 ),
"shape_transform": Transform2D( 1, 0, 0, 1, 0, 0 )
}, {
"autotile_coord": Vector2( 3, 1 ),
"one_way": false,
"one_way_margin": 1.0,
"shape": SubResource( 36 ),
"shape_transform": Transform2D( 1, 0, 0, 1, 0, 0 )
}, {
"autotile_coord": Vector2( 3, 2 ),
"one_way": false,
"one_way_margin": 1.0,
"shape": SubResource( 37 ),
"shape_transform": Transform2D( 1, 0, 0, 1, 0, 0 )
}, {
"autotile_coord": Vector2( 3, 3 ),
"one_way": false,
"one_way_margin": 1.0,
"shape": SubResource( 38 ),
"shape_transform": Transform2D( 1, 0, 0, 1, 0, 0 )
}, {
"autotile_coord": Vector2( 4, 3 ),
"one_way": false,
"one_way_margin": 1.0,
"shape": SubResource( 39 ),
"shape_transform": Transform2D( 1, 0, 0, 1, 0, 0 )
}, {
"autotile_coord": Vector2( 5, 3 ),
"one_way": false,
"one_way_margin": 1.0,
"shape": SubResource( 40 ),
"shape_transform": Transform2D( 1, 0, 0, 1, 0, 0 )
}, {
"autotile_coord": Vector2( 6, 3 ),
"one_way": false,
"one_way_margin": 1.0,
"shape": SubResource( 41 ),
"shape_transform": Transform2D( 1, 0, 0, 1, 0, 0 )
}, {
"autotile_coord": Vector2( 6, 3 ),
"one_way": false,
"one_way_margin": 1.0,
"shape": SubResource( 42 ),
"shape_transform": Transform2D( 1, 0, 0, 1, 0, 0 )
}, {
"autotile_coord": Vector2( 7, 3 ),
"one_way": false,
"one_way_margin": 1.0,
"shape": SubResource( 43 ),
"shape_transform": Transform2D( 1, 0, 0, 1, 0, 0 )
}, {
"autotile_coord": Vector2( 8, 3 ),
"one_way": false,
"one_way_margin": 1.0,
"shape": SubResource( 44 ),
"shape_transform": Transform2D( 1, 0, 0, 1, 0, 0 )
}, {
"autotile_coord": Vector2( 8, 3 ),
"one_way": false,
"one_way_margin": 1.0,
"shape": SubResource( 45 ),
"shape_transform": Transform2D( 1, 0, 0, 1, 0, 0 )
}, {
"autotile_coord": Vector2( 4, 4 ),
"one_way": false,
"one_way_margin": 1.0,
"shape": SubResource( 46 ),
"shape_transform": Transform2D( 1, 0, 0, 1, 0, 0 )
}, {
"autotile_coord": Vector2( 5, 4 ),
"one_way": false,
"one_way_margin": 1.0,
"shape": SubResource( 47 ),
"shape_transform": Transform2D( 1, 0, 0, 1, 0, 0 )
}, {
"autotile_coord": Vector2( 6, 4 ),
"one_way": false,
"one_way_margin": 1.0,
"shape": SubResource( 48 ),
"shape_transform": Transform2D( 1, 0, 0, 1, 0, 0 )
}, {
"autotile_coord": Vector2( 7, 4 ),
"one_way": false,
"one_way_margin": 1.0,
"shape": SubResource( 49 ),
"shape_transform": Transform2D( 1, 0, 0, 1, 0, 0 )
}, {
"autotile_coord": Vector2( 8, 4 ),
"one_way": false,
"one_way_margin": 1.0,
"shape": SubResource( 50 ),
"shape_transform": Transform2D( 1, 0, 0, 1, 0, 0 )
}, {
"autotile_coord": Vector2( 10, 3 ),
"one_way": false,
"one_way_margin": 1.0,
"shape": SubResource( 51 ),
"shape_transform": Transform2D( 1, 0, 0, 1, 0, 0 )
}, {
"autotile_coord": Vector2( 10, 4 ),
"one_way": false,
"one_way_margin": 1.0,
"shape": SubResource( 52 ),
"shape_transform": Transform2D( 1, 0, 0, 1, 0, 0 )
}, {
"autotile_coord": Vector2( 11, 3 ),
"one_way": false,
"one_way_margin": 1.0,
"shape": SubResource( 53 ),
"shape_transform": Transform2D( 1, 0, 0, 1, 0, 0 )
}, {
"autotile_coord": Vector2( 11, 3 ),
"one_way": false,
"one_way_margin": 1.0,
"shape": SubResource( 54 ),
"shape_transform": Transform2D( 1, 0, 0, 1, 0, 0 )
}, {
"autotile_coord": Vector2( 11, 4 ),
"one_way": false,
"one_way_margin": 1.0,
"shape": SubResource( 55 ),
"shape_transform": Transform2D( 1, 0, 0, 1, 0, 0 )
}, {
"autotile_coord": Vector2( 12, 3 ),
"one_way": false,
"one_way_margin": 1.0,
"shape": SubResource( 56 ),
"shape_transform": Transform2D( 1, 0, 0, 1, 0, 0 )
}, {
"autotile_coord": Vector2( 12, 4 ),
"one_way": false,
"one_way_margin": 1.0,
"shape": SubResource( 57 ),
"shape_transform": Transform2D( 1, 0, 0, 1, 0, 0 )
}, {
"autotile_coord": Vector2( 13, 3 ),
"one_way": false,
"one_way_margin": 1.0,
"shape": SubResource( 58 ),
"shape_transform": Transform2D( 1, 0, 0, 1, 0, 0 )
}, {
"autotile_coord": Vector2( 13, 4 ),
"one_way": false,
"one_way_margin": 1.0,
"shape": SubResource( 59 ),
"shape_transform": Transform2D( 1, 0, 0, 1, 0, 0 )
}, {
"autotile_coord": Vector2( 14, 3 ),
"one_way": false,
"one_way_margin": 1.0,
"shape": SubResource( 60 ),
"shape_transform": Transform2D( 1, 0, 0, 1, 0, 0 )
}, {
"autotile_coord": Vector2( 14, 2 ),
"one_way": false,
"one_way_margin": 1.0,
"shape": SubResource( 61 ),
"shape_transform": Transform2D( 1, 0, 0, 1, 0, 0 )
}, {
"autotile_coord": Vector2( 14, 1 ),
"one_way": false,
"one_way_margin": 1.0,
"shape": SubResource( 62 ),
"shape_transform": Transform2D( 1, 0, 0, 1, 0, 0 )
}, {
"autotile_coord": Vector2( 15, 1 ),
"one_way": false,
"one_way_margin": 1.0,
"shape": SubResource( 63 ),
"shape_transform": Transform2D( 1, 0, 0, 1, 0, 0 )
}, {
"autotile_coord": Vector2( 15, 0 ),
"one_way": false,
"one_way_margin": 1.0,
"shape": SubResource( 64 ),
"shape_transform": Transform2D( 1, 0, 0, 1, 0, 0 )
}, {
"autotile_coord": Vector2( 14, 0 ),
"one_way": false,
"one_way_margin": 1.0,
"shape": SubResource( 65 ),
"shape_transform": Transform2D( 1, 0, 0, 1, 0, 0 )
}, {
"autotile_coord": Vector2( 14, 4 ),
"one_way": false,
"one_way_margin": 1.0,
"shape": SubResource( 66 ),
"shape_transform": Transform2D( 1, 0, 0, 1, 0, 0 )
}, {
"autotile_coord": Vector2( 0, 2 ),
"one_way": false,
"one_way_margin": 1.0,
"shape": SubResource( 67 ),
"shape_transform": Transform2D( 1, 0, 0, 1, 0, 0 )
}, {
"autotile_coord": Vector2( 3, 0 ),
"one_way": false,
"one_way_margin": 1.0,
"shape": SubResource( 68 ),
"shape_transform": Transform2D( 1, 0, 0, 1, 0, 0 )
}, {
"autotile_coord": Vector2( 3, 4 ),
"one_way": false,
"one_way_margin": 1.0,
"shape": SubResource( 69 ),
"shape_transform": Transform2D( 1, 0, 0, 1, 0, 0 )
}, {
"autotile_coord": Vector2( 7, 1 ),
"one_way": false,
"one_way_margin": 1.0,
"shape": SubResource( 70 ),
"shape_transform": Transform2D( 1, 0, 0, 1, 0, 0 )
}, {
"autotile_coord": Vector2( 8, 1 ),
"one_way": false,
"one_way_margin": 1.0,
"shape": SubResource( 71 ),
"shape_transform": Transform2D( 1, 0, 0, 1, 0, 0 )
}, {
"autotile_coord": Vector2( 7, 2 ),
"one_way": false,
"one_way_margin": 1.0,
"shape": SubResource( 72 ),
"shape_transform": Transform2D( 1, 0, 0, 1, 0, 0 )
}, {
"autotile_coord": Vector2( 8, 2 ),
"one_way": false,
"one_way_margin": 1.0,
"shape": SubResource( 73 ),
"shape_transform": Transform2D( 1, 0, 0, 1, 0, 0 )
} ]
0/z_index = 0
