[gd_scene load_steps=15 format=2]

[ext_resource path="res://woods/people/acer_red.tscn" type="PackedScene" id=1]
[ext_resource path="res://woods/people/mushroom_sitting.tscn" type="PackedScene" id=2]
[ext_resource path="res://woods/bush.tscn" type="PackedScene" id=3]
[ext_resource path="res://woods/people/mushroom.tscn" type="PackedScene" id=4]
[ext_resource path="res://woods/people/acer_green.tscn" type="PackedScene" id=5]
[ext_resource path="res://woods/red_flower_leaves.tscn" type="PackedScene" id=6]
[ext_resource path="res://woods/people/dancing_flower.tscn" type="PackedScene" id=7]
[ext_resource path="res://woods/tree_group.tscn" type="PackedScene" id=8]
[ext_resource path="res://woods/people/leaf_green.tscn" type="PackedScene" id=9]
[ext_resource path="res://woods/people/acer_brown.tscn" type="PackedScene" id=10]
[ext_resource path="res://woods/people/guards.tscn" type="PackedScene" id=11]
[ext_resource path="res://woods/people/tree.tscn" type="PackedScene" id=12]
[ext_resource path="res://woods/background.tscn" type="PackedScene" id=13]
[ext_resource path="res://assets/woods/ayumis_dino.png" type="Texture" id=14]

[node name="Woods" type="YSort"]

[node name="Background" parent="." instance=ExtResource( 13 )]

[node name="TreeGroup" parent="." instance=ExtResource( 8 )]

[node name="MushroomSitting" parent="." instance=ExtResource( 2 )]

[node name="DancingFlower" parent="." instance=ExtResource( 7 )]

[node name="AcerGreen" parent="." instance=ExtResource( 5 )]

[node name="AcerRed" parent="." instance=ExtResource( 1 )]

[node name="AcerBrown" parent="." instance=ExtResource( 10 )]
position = Vector2( 3674.21, 2054.08 )

[node name="Guards" parent="." instance=ExtResource( 11 )]
position = Vector2( 2180, 2010 )

[node name="LeafGreen" parent="." instance=ExtResource( 9 )]

[node name="Mushroom" parent="." instance=ExtResource( 4 )]

[node name="Bush" parent="." instance=ExtResource( 3 )]

[node name="Bush2" parent="." instance=ExtResource( 3 )]
position = Vector2( 2651.06, 1637.35 )

[node name="Bush3" parent="." instance=ExtResource( 3 )]
position = Vector2( 2629.66, 1756.27 )

[node name="Bush4" parent="." instance=ExtResource( 3 )]
position = Vector2( 2560.68, 1837.13 )

[node name="Bush5" parent="." instance=ExtResource( 3 )]
position = Vector2( 2643.93, 1925.13 )

[node name="Tree" parent="." instance=ExtResource( 12 )]

[node name="Tree2" parent="." instance=ExtResource( 12 )]
position = Vector2( 1732.91, 2536.64 )

[node name="Tree3" parent="." instance=ExtResource( 12 )]
position = Vector2( 1620.61, 2780.31 )
scale = Vector2( 1.5477, 1.5477 )

[node name="Tree4" parent="." instance=ExtResource( 12 )]
position = Vector2( 1845.21, 2805.74 )

[node name="RedFlowerLeaves" parent="." instance=ExtResource( 6 )]

[node name="AyumisDino" type="StaticBody2D" parent="."]
position = Vector2( 3397.95, 1761.27 )
scale = Vector2( 0.5, 0.5 )
__meta__ = {
"_edit_group_": true
}

[node name="Sprite" type="Sprite" parent="AyumisDino"]
texture = ExtResource( 14 )

[node name="CollisionPolygon2D" type="CollisionPolygon2D" parent="AyumisDino"]
polygon = PoolVector2Array( -260.192, 0.72998, -321.928, -2.63745, -379.173, -56.5156, -372.438, -108.149, -347.744, -141.823, -302.846, -171.007, -255.702, -178.864, -232.131, -176.619, -177.13, -150.802, -153.558, -99.1692, -133.354, -61.0054, -108.66, -41.9236, 74.3018, -6.00464, 251.65, 77.0574, 409.917, 118.589, 140.527, 124.201, 128.18, 170.222, 90.0161, 172.467, 85.5264, 132.058, -116.517, 139.915, -143.456, 184.814, -177.13, 185.936, -181.62, 114.099, -219.784, 34.4038 )
